%% This BibTeX bibliography file was created using BibDesk.
%% http://bibdesk.sourceforge.net/

%% Created for Dr. Markus Endres at 2019-06-13 08:58:28 +0200 


%% Saved with string encoding Unicode (UTF-8) 


% 1 
@Online{twitterBots,
  author={Jason Wise},
  url={https://earthweb.com/how-many-bots-are-on-twitter},
  title={Twitter bot accounts: how many bots are on Twitter in 2022?},
  urldate={2022-07-22},
  media = {eresource}
}

% 4 
@Article{Cresci2020,
  author  = {Cresci, Stefano},
  journal = {Communications of the ACM 63 (10)},
  title   = {A decade of social bot detection},
  year    = {2020},
  pages   = {72--83},
  volume  = {63},
}

% 5
@Misc{Zahn2022,
  author    = {Zahn, Max},
  month     = jul,
  title     = {A timeline of Elon Musk's tumultuous Twitter acquisition attempt},
  year      = {2022},
  msbib-day = {13},
  url       = {https://abcnews.go.com/Business/timeline-elon-musks-tumultuous-twitter-acquisition-attempt/story?id=86611191},
}

% 6
@Article{Boyd2007,
  author    = {Boyd, Danah M. and Ellison, Nicole B.},
  journal   = {Journal of computer-mediated Communication},
  title     = {Social network sites: Definition, history, and scholarship},
  year      = {2007},
  pages     = {210--230},
  volume    = {13},
  issue     = {1},
  publisher = {Wiley Online Library},
}

% 9
@article{grimme2017social,
  title={Social bots: Human-like by means of human control?},
  author={Grimme, Christian and Preuss, Mike and Adam, Lena and Trautmann, Heike},
  journal={Big data},
  volume={5},
  number={4},
  pages={279--293},
  year={2017},
  publisher={Mary Ann Liebert, Inc. 140 Huguenot Street, 3rd Floor New Rochelle, NY 10801 USA}
}

% 10
@article{woolley2016automating,
  title={Automating power: Social bot interference in global politics},
  author={Woolley, Samuel C},
  journal={First Monday},
  year={2016}
}

% 11
@Article{Cresci2020a,
  author  = {Cresci, S. and Pietro, R. Di and Petrocchi, M. and Spognardi, A. and Tesconi, M.},
  journal = {Computer Communications},
  title   = {Emergent properties, models, and laws of behavioral similarities within groups of Twitter users},
  year    = {2020},
  pages   = {47–61},
  volume  = {150},
}

% 12
@Article{Rheault2021,
  author  = {Rheault, Andreea Musulan Ludovic},
  journal = {Journal of Information Technology \& Politics},
  title   = {Efficient detection of online communities and social bot activity during electoral campaigns},
  year    = {2021},
  pages   = {324--337},
}

% 13
@Book{Helmus2018,
  author    = {Helmus, Todd C. and Bodine-Baron, Elizabeth and Radin, Andrew and Magnuson, Madeline and Mendelsohn, Joshua and Marcellino, William and Bega, Andriy and Winkelman, Zev},
  publisher = {RAND Corporation},
  title     = {Russian Social Media Influence: Understanding Russian Propaganda in Eastern Europe},
  year      = {2018},
}

% 14
@Article{Stukal2019,
  author  = {Stukal, Denis and Sanovich, Sergey and Tucker, Joshua A. and Bonneau, Richard},
  journal = {SAGE Open},
  title   = {For Whom the Bot Tolls: A Neural Networks Approach to Measuring Political Orientation of Twitter Bots in Russia},
  year    = {2019},
}

% 15
@Misc{Statista,
  author = {Statista},
  title  = {Leading social media platforms in Russia in 3rd quarter 2021, by penetration rate},
  url    = {https://www.statista.com/statistics/867549/top-active-social-media-platforms-in-russia/},
  year   = {2021}
}

% 16 
@Article{Vasilkova2019,
  author  = {Vasilkova, Valeria and Legostaeva, Natalia and Radushevsky, Vladimir},
  journal = {Sociology of communication},
  title   = {Topical landscape of bot space on the social media platform Vkontakte},
  year    = {2019},
  pages   = {202--245},
  volume  = {22},
}

% 17
@Misc{Statista2022a,
  author         = {Statista, Research},
  month          = apr,
  title          = {Number of civilian deaths related to the Russia-Ukraine conflict from 2014 to 2021},
  year           = {2022},
  msbib-day      = {06},
  msbib-accessed = {2022-09-04},
  url            = {https://www.statista.com/statistics/1293409/civilian-deaths-related-to-russia-ukraine-conflict/},
}

% 18
@Misc{Mankoff2022,
  author         = {Mankoff, Jeffrey},
  month          = apr,
  title          = {Russia’s War in Ukraine: Identity, History, and Conflict},
  year           = {2022},
  msbib-day      = {22},
  msbib-accessed = {2022-09-04},
  url            = {https://www.csis.org/analysis/russias-war-ukraine-identity-history-and-conflict},
}

% 19
@Misc{Statista2022,
  author         = {Statista, Research},
  month          = aug,
  title          = {Number of civilian casualties in Ukraine during Russia's invasion verified by OHCHR as of March 5, 2023},
  year           = {2022},
  msbib-day      = {28},
  msbib-accessed = {2022-09-04},
  url            = {https://www.statista.com/statistics/1293492/ukraine-war-casualties/},
}

% 20
@Article{Pereira2022,
  author  = {Pereira, Paulo and Bašić, Ferdo and Bogunovic, Igor and Barcelo, Damia},
  journal = {Science of The Total Environment},
  title   = {Russian-Ukrainian war impacts the total environment},
  year    = {2022},
  volume  = {155865},
}

% 21
@Article{Park2022,
  author  = {Park, Chan Young and Mendelsohn, Julia and Field, Anjalie and Tsvetkov, Yulia},
  journal = {arXiv preprint arXiv:2205.12382},
  title   = {VoynaSlov: A Data Set of Russian Social Media Activity during the 2022 Ukraine-Russia War},
  year    = {2022},
}

% 33
@InProceedings{Im2020,
  author       = {Im, Jane and Chandrasekharan, Eshwar and Sargent, Jackson and Lighthammer, Paige and Denby, Taylor and Bhargava, Ankit and Hemphill, Libby and Jurgens, David and Gilbert, Eric},
  booktitle    = {12th ACM Conference on Web Science},
  title        = {Still out there: Modeling and identifying Russian troll accounts on Twitter},
  year         = {2020},
  organization = {12th ACM Conference on Web Science},
  pages        = {1–10},
}

% 34
@Article{PastorGalindo2020,
  author    = {Pastor-Galindo, Javier and Zago, Mattia and Nespoli, Pantaleone and Bernal, Sergio López and Celdrán, Alberto Huertas and Pérez, Manuel Gil and Ruipérez-Valiente, José A. and Pérez, Gregorio Martı́nez and Mármol, Félix Gómez},
  journal   = {IEEE Transactions on Network and Service Management},
  title     = {Spotting political social bots in Twitter: A use case of the 2019 Spanish general election},
  year      = {2020},
  pages     = {2156–2170},
  volume    = {17},
  publisher = {IEEE},
}

% 35
@Article{Alsmadi2020,
  author    = {Alsmadi, Izzat and O'Brien, Michael J.},
  journal   = {Information Processing \& Management},
  title     = {How many bots in Russian troll tweets?},
  year      = {2020},
  pages     = {102303},
  volume    = {57},
  publisher = {Elsevier},
}

% 36
@Thesis{Rossi2019,
  author = {Rossi, Sippo and others},
  title  = {Detecting and analyzing bots on Finnish political twitter},
  year   = {2019},
  institution = {Aalto University}
}

% 37
@InProceedings{Rossi2020,
  author       = {Rossi, Sippo and Rossi, Matti and Upreti, Bikesh and Liu, Yong},
  booktitle    = {Proceedings of the 53rd Hawaii international conference on system sciences},
  title        = {Detecting political bots on Twitter during the 2019 Finnish parliamentary election},
  year         = {2020},
  organization = {Proceedings of the 53rd Hawaii international conference on system sciences},
}

% 38
@Article{Nizzoli2021,
  author    = {Nizzoli, L. and Tardelli, S. and Avvenuti, M. and Cresci, S. and Tesconi, M.},
  journal   = {ICWSM},
  title     = {Coordinated Behavior on Social Media in 2019 UK General Election.},
  year      = {2021},
  note      = {Query date: 2022-08-31 00:54:03},
  publisher = {ojs.aaai.org},
  url       = {https://ojs.aaai.org/index.php/ICWSM/article/download/18074/17877/21569},
}

% 39
@article{Hagen2022,
  title={Rise of the machines? Examining the influence of social bots on a political discussion network},
  author={Hagen, Loni and Neely, Stephen and Keller, Thomas E and Scharf, Ryan and Vasquez, Fatima Espinoza},
  journal={Social Science Computer Review},
  volume={40},
  number={2},
  pages={264--287},
  year={2022},
  publisher={SAGE Publications Sage CA: Los Angeles, CA}
}

% 40
@Article{Hanouna2019,
  author  = {Hanouna, Simo and Neu, Omer and Pardo, Sharon and Tsur, Oren and Zahavi, Hila},
  journal = {Australian and New Zealand Journal of European Studies},
  title   = {Sharp power in social media: Patterns from datasets across electoral campaigns},
  year    = {2019},
  volume  = {11},
}

% 41
@Article{Riofrio2018,
  author  = {Riofrio, Daniel and Ruiz, Anacaren and Sosebee, Erin and Raza, Qasim and Bashir, Adnan and Crandall, Jed},
  journal = {arXiv preprint arXiv:1807.06147},
  title   = {Tracking Elections: our experience during the presidential elections in Ecuador},
  year    = {2018},
}

% 42
@InProceedings{Kolomeets2021,
  author       = {Kolomeets, Maxim and Tushkanova, Olga and Levshun, Dmitry and Chechulin, Andrey},
  booktitle    = {2021 29th Euromicro International Conference on Parallel, Distributed and Network-Based Processing (PDP)},
  title        = {Camouflaged bot detection using the friend list},
  year         = {2021},
  organization = {2021 29th Euromicro International Conference on Parallel, Distributed and Network-Based Processing (PDP)},
  pages        = {253–259},
}

% 43
@Article{Fazil2020,
  author  = {Fazil, M. and Abulaish, M.},
  journal = {Intelligent \& Fuzzy Systems},
  title   = {A socialbots analysis-driven graph-based approach for identifying coordinated campaigns in Twitter},
  year    = {2020},
  pages   = {2961–2977},
  volume  = {38(3)},
}

% 44
@article{blondel2008fast,
  title={Fast unfolding of communities in large networks},
  author={Blondel, Vincent D and Guillaume, Jean-Loup and Lambiotte, Renaud and Lefebvre, Etienne},
  journal={Journal of statistical mechanics: theory and experiment},
  volume={2008},
  number={10},
  pages={P10008},
  year={2008},
  publisher={IOP Publishing}
}

% 45
@online{louvainalg,
    url={https://towardsdatascience.com/louvain-algorithm-93fde589f58c},
    title={Louvain Algorithm},
    urldate={2022-09-10},
    author={Luís Rita},
    website={TowardsDataScience},
    media = {eresource}
} 

% 46
@INPROCEEDINGS{louvaindynclust,  
  author={Held, Pascal and Krause, Benjamin and Kruse, Rudolf},
  booktitle={2016 Third European Network Intelligence Conference (ENIC)},
  title={Dynamic Clustering in Social Networks Using Louvain and Infomap Method},
  year={2016},
  volume={},
  number={},
  pages={61-68},
  doi={10.1109/ENIC.2016.017}
}

% 47
@inproceedings{de2011generalized,
  title={Generalized louvain method for community detection in large networks},
  author={De Meo, Pasquale and Ferrara, Emilio and Fiumara, Giacomo and Provetti, Alessandro},
  booktitle={2011 11th international conference on intelligent systems design and applications},
  pages={88--93},
  year={2011},
  organization={IEEE}
}

% 48
@inproceedings{sanchez2016twitter,
  title={Twitter user clustering based on their preferences and the Louvain algorithm},
  author={S{\'a}nchez, Daniel L{\'o}pez and Revuelta, Jorge and Prieta, Fernando De la and Gil-Gonz{\'a}lez, Ana B and Dang, Cach},
  booktitle={International Conference on Practical Applications of Agents and Multi-Agent Systems},
  pages={349--356},
  year={2016},
  organization={Springer}
}

% 52
@online{vkGeography,
    url={https://www.similarweb.com/ru/website/vk.com/\#geography},
    title={SimilarWeb vk.com},
    urldate={2022-09-18},
    media={eresource},
    year={2022},
    author={SimilarWeb}
}

% 53
@article{caprolu2022characterizing,
  title={Characterizing the 2022 Russo-Ukrainian Conflict Through the Lenses of Aspect-Based Sentiment Analysis: Dataset, Methodology, and Preliminary Findings},
  author={Caprolu, Maurantonio and Sadighian, Alireza and Di Pietro, Roberto},
  journal={arXiv preprint arXiv:2208.04903},
  year={2022}
}

% 54
@online{sentistrength,
    url={https://github.com/zhunhung/Python-SentiStrength },
    title={Python-SentiStrength, GitHub},
    urldate={2022-09-12},
    media = {eresource}
} 

% 55
@Article{Gallwitz2022,
  author  = {Gallwitz, Florian and Kreil, Michael},
  journal = {arXiv preprint arXiv:2207.11474},
  title   = {Investigating the Validity of Botometer-based Social Bot Studies},
  year    = {2022},
}

% 56
@online{vkgazprom,
    url={https://www.themoscowtimes.com/2021/12/03/gazprom-gains-control-of-russias-top-social-network-a75724},
    title={Gazprom Gains Control of Russia’s Top Social Network},
    author={The Moscow Times},
    urldate={2022-09-12},
    media = {eresource}
} 

% 57
@InProceedings{Cresci2017a,
  author       = {Cresci, Stefano and Pietro, Roberto Di and Petrocchi, Marinella and Spognardi, Angelo and Tesconi, Maurizio},
  booktitle    = {Proceedings of the 26th international conference on world wide web companion},
  title        = {The paradigm-shift of social spambots: Evidence, theories, and tools for the arms race},
  year         = {2017},
  organization = {Proceedings of the 26th international conference on world wide web companion},
  pages        = {963–972},
}

% 58
@Article{Kolomeets,
  author = {Kolomeets, Maxim and Tushkanova, Olga and Vitkova, Lidia and Chechulin, Andrey},
  title  = {Experimental evaluation: can humans recognize social media bots?},
  journal = {Preprint Communications ACM},
  year = {2022}
}

% 59
@Article{Kolomeets2021a,
  author  = {Kolomeets, Maxim and Chechulin, Andrey and Kotenko, Igor V.},
  journal = {J. Wirel. Mob. Networks Ubiquitous Comput. Dependable Appl.},
  title   = {Bot detection by friends graph in social networks.},
  year    = {2021},
  pages   = {141–159},
  volume  = {12},
}

% 60
@Article{Alymov2016,
  author  = {Alymov, A. S. and Baranjuk, V. V. and Smirnova, O. S.},
  journal = {International Journal of Open Information Technologies},
  title   = {Detection of bot programs that mimic the behavior of people in the social network" Vkontakte"},
  year    = {2016},
  pages   = {55–60},
  volume  = {4},
}


% 65 
@online{vkBotPercentage,
    url={https://www.linkedin.com/pulse/new-stratcom-coe-report-analyses-robotic-networks-vk-linda-curika/},
    title={What is the amount of automated activity on VKontakte?},
    urldate={2022-09-20},
    media={eresource},
    year={2022},
    author={Linda Curika}
}


% Article{Cresci2017,
%   author  = {Cresci, S. and Pietro, R. Di and Petrocchi, M. and Spognardi, A. and Tesconi, M.},
%   journal = {IEEE Transactions on Dependable and Secure Computing},
%   title   = {Social fingerprinting: detection of spambot groups through DNA-inspired behavioral modeling},
%   year    = {2017},
%   pages   = {561--576},
%   volume  = {15(4)},
% }

% Article{Cresci2015,
%   author  = {Cresci, S. and Pietro, R. Di and Petrocchi and M., A. and Tesconi, M.},
%   journal = {Decision Support Systems},
%   title   = {Fame for sale: Efficient detection of fake Twitter followers},
%   year    = {2015},
%   pages   = {56--71},
%   volume  = {8},
% }

% Misc{Chen2022,
%   author = {Chen, Emily and Ferrara, Emilio},
%   title  = {Tweets in Time of Conflict: A Public Dataset Tracking the Twitter Discourse on the War Between Ukraine and Russia},
%   year   = {2022},
% }



% Article{Kolomeets,
%   author = {Kolomeets, Maxim and Tushkanova, Olga and Vitkova, Lidia and Chechulin, Andrey},
%   title  = {Experimental evaluation: can humans recognize social media bots?},
%   journal = {Preprint Communications ACM},
%   year = {2022}
% }



@article{pacheco2020uncovering,
  title={Uncovering coordinated networks on social media},
  author={Pacheco, Diogo and Hui, Pik-Mai and Torres-Lugo, Christopher and Truong, Bao Tran and Flammini, Alessandro and Menczer, Filippo},
  journal={arXiv preprint arXiv:2001.05658},
  volume={16},
  year={2020},
  publisher={CoRR}
}

% Article{Martino2020,
%   author  = {Martino, Cresci S. Barrón-Cedeño A. Yu S. Di Pietro R. Da San and Nakov, P.},
%   journal = {Proceedings of the 29th Intern. Joint Conf. Artificial Intelligence},
%   title   = {A survey on computational propaganda detection},
%   year    = {2020},
% }


% Article{Shao2018,
%   author  = {Shao, C. and Ciampaglia, G. Luca and Varol, O. and Yang, K. and Flammini, A. and Menczer, F.},
%   journal = {Nature Communications},
%   title   = {The spread of lowcredibility content by social bots},
%   year    = {2018},
%   pages   = {4787},
%   volume  = {1},
% }

% Article{Chu2012,
%   author  = {Chu, Z. and Gianvecchio, S. and Wang, H. and Jajodia, S.},
%   journal = {IEEE Transactions on dependable and secure computing},
%   title   = {Detecting automation of twitter accounts: Are you a human, bot, or cyborg?},
%   year    = {2012},
%   pages   = {811--824},
%   volume  = {9},
% }

% Article{Feng2022,
%   author  = {Feng, S. and Tan, Z. and Li, R. and Luo, M.},
%   journal = {Proceedings of the AAAI Conference on Artificial Intelligence},
%   title   = {Heterogeneity-aware twitter bot detection with relational graph transformers},
%   year    = {2022},
%   pages   = {3977--3985},
%   volume  = {36},
% }



% Article{Yang2020,
%   author  = {Yang, K. C. and Varol, O. and Hui, P. M. and Menczer, F.},
%   journal = {Proceedings of the AAAI conference on artificial intelligence},
%   title   = {Scalable and generalizable social bot detection through data selection},
%   year    = {2020},
%   pages   = {1096--1103},
%   volume  = {34},
% }


% Article{Jiang2014,
%   author  = {Jiang, M. and Cui, P. and Beutel, A. and Faloutsos, C. and Yang, S.},
%   journal = {Proceedings of the 20th ACM SIGKDD international conference on Knowledge discovery and data mining},
%   title   = {Catchsync: catching synchronized behavior in large directed graphs},
%   year    = {2014},
%   pages   = {941--950},
% }

% Article{Chavoshi2016,
%   author  = {Chavoshi, Nikan and Hamooni, Hossein and Mueen, Abdullah},
%   journal = {Icdm},
%   title   = {Debot: Twitter bot detection via warped correlation},
%   year    = {2016},
%   pages   = {817--822},
%   volume  = {38},
% }

% Article{Mazza2019,
%   author  = {Mazza, M. and Cresci, S. and Avvenuti, M. and Quattrociocchi, W. and Tesconi, M.},
%   journal = {Proceedings of the 10th ACM conference on web science},
%   title   = {RTbust: Exploiting Temporal Patterns for Botnet Detection on Twitter},
%   year    = {2019},
%   pages   = {183--192},
% }

